@Article{Rasp,
author = {M. Raspaud and H. Viste and G. Evangelista},
title = {Binaural Source Localization by Joint Estimation of {ILD} and {ITD}},
journal = {{IEEE} Transactions on Audio, Speech, and language processing},
year = {2010},
volume = {18},
number = {1},
}
@Book{Wein,
author = {S. Weinzierl},
title = {Handbuch Der Audiotechnik},
publisher = {Springer},
year = {2008},
}
@Book{Zölz,
author = {U. Zölzer},
title = {{DAFX}: Digital Audio Effects},
publisher = {John Wiley and Sons Ltd},
year = {2011},
}
@Article{Fall,
author = {C. Faller and J. Merimaa},
title = {Source localization in complex listening situations: Selection of binaural cues based on interaural coherence},
journal = {Acoustic Society of America},
year = {2004},
volume = {Vol. 116},
number = {5},
}
@Book{Grel,
author = {D. Grelaud and N. Bonneel and M. Wimmer and M. Asselot and G. Drettakis},
title = {Efficient and Practical Audio-Visual Rendering for Games using Crossmodal Perception},
publisher = {Association for Computing Machinery Inc},
year = {2009},
}
